@article{madmethodology,
  title={Application of the MAD (Median Absolute Deviation) Methodology to Exclude
Extreme Data Values in FAIR Health Products},
  author={FAIR Health},
  journal={},
  address={530 Fifth Avenue, 18th Floor, New York, NY 10036},
  year={2017},
  url={https://s3.amazonaws.com/media2.fairhealth.org/resource/asset/FH%20Methodology%20-%20Median%20Absolute%20Deviation.pdf}
}
