@misc{haguenoer_tentatives_2008,
	title = {Épidémiologie des tentatives de suicide en région Centre},
	language = {fr},
	author = {Haguenoer, Ken and Caille, Agnès and Fillatre, Marc and Lecuyer, Anne Isabelle and Rusch, Emmanuel},
	year = {2008},
	pages = {4},
	howpublished = {\url{https://www.esante-centre.fr/portail_pro/minisite_25/media-files/56393/plaquette-2006-2009.pdf}}
}
