@article{1998-potassium-channel,
	author    = {Pusch, Michael and Magrassi, Raffaella and Wollnik, Bernd and Conti, Franco},
	title     = {{Activation and Inactivation of Homomeric KvLQT1 Potassium Channels}},
	journal   = {Biophys. J.},
	volume    = {75},
	number    = {2},
	pages     = {785--792},
	year      = {1998},
	month     = aug,
	issn      = {0006-3495},
	publisher = {Cell Press},
	doi       = {10.1016/S0006-3495(98)77568-X}
}

@article{2021-A549-model,
	author    = {Langthaler, Sonja and Rienm{\ifmmode\ddot{u}\else\"{u}\fi}ller, Theresa and Scheruebel, Susanne and Pelzmann, Brigitte and Shrestha, Niroj and Zorn-Pauly, Klaus and Schreibmayer, Wolfgang and Koff, Andrew and Baumgartner, Christian},
	title     = {{A549 in-silico 1.0: A first computational model to simulate cell cycle dependent ion current modulation in the human lung adenocarcinoma}},
	journal   = {PLoS Comput. Biol.},
	volume    = {17},
	number    = {6},
	pages     = {e1009091},
	year      = {2021},
	month     = jun,
	issn      = {1553-7358},
	publisher = {Public Library of Science},
	doi       = {10.1371/journal.pcbi.1009091}
}

@article{2024-calcium-channels,
	author    = {Langthaler, Sonja and Zumpf, Christian and Rienm{\ifmmode\ddot{u}\else\"{u}\fi}ller, Theresa and Shrestha, Niroj and Fuchs, Julia and Zhou, Rui and Pelzmann, Brigitte and Zorn-Pauly, Klaus and Fr{\ifmmode\ddot{o}\else\"{o}\fi}hlich, Eleonore and Weinberg, Seth H. and Baumgartner, Christian},
	title     = {{The bioelectric mechanisms of local calcium dynamics in cancer cell proliferation: an extension of the A549 in silico cell model}},
	journal   = {Front. Mol. Biosci.},
	volume    = {11},
	pages     = {1394398},
	year      = {2024},
	month     = may,
	issn      = {2296-889X},
	publisher = {Frontiers},
	doi       = {10.3389/fmolb.2024.1394398}
}
