@article{kempf2022impact,
  title={Impact of two waves of Sars-Cov2 outbreak on the number, clinical presentation, care trajectories and survival of patients newly referred for a colorectal cancer: A French multicentric cohort study from a large group of University hospitals},
  author={Kempf, Emmanuelle and Priou, Sonia and Lam{\'e}, Guillaume and Daniel, Christel and Bellamine, Ali and Sommacale, Daniele and Belkacemi, Yazid and Bey, Romain and Galula, Gilles and Taright, Namik and others},
  journal={International Journal of Cancer},
  volume={150},
  number={10},
  pages={1609--1618},
  year={2022},
  publisher={Wiley Online Library}
}
